@book{gascoigne2014tacit,
  title={Tacit knowledge},
  author={Gascoigne, Neil and Thornton, Tim},
  year={2014},
  publisher={Routledge}
}
